<record><leader>00000cas a22000007a 4500</leader><controlfield tag="001">18133220</controlfield><controlfield tag="008">880624c19879999hiusx ne      0    0eng d</controlfield><datafield ind1=" " ind2=" " tag="010"><subfield code="a">sn 88099784 </subfield></datafield><datafield ind1=" " ind2=" " tag="040"><subfield code="a">HUH</subfield><subfield code="b">eng</subfield><subfield code="c">HWN</subfield><subfield code="d">OCLCQ</subfield></datafield><datafield ind1=" " ind2=" " tag="037"><subfield code="b">Brighton Publications, P.O. Box 446, Holualoa, HI 96725</subfield></datafield><datafield ind1=" " ind2=" " tag="042"><subfield code="a">msc</subfield></datafield><datafield ind1=" " ind2=" " tag="043"><subfield code="a">n-us-hi</subfield></datafield><datafield ind1=" " ind2=" " tag="090"><subfield code="a">DU629.K65</subfield><subfield code="b">K65</subfield></datafield><datafield ind1="0" ind2="4" tag="245"><subfield code="a">The Kona news.</subfield></datafield><datafield ind1=" " ind2=" " tag="260"><subfield code="a">Holualoa, HI :</subfield><subfield code="b">Brighton Publications</subfield></datafield><datafield ind1=" " ind2=" " tag="300"><subfield code="a">v. :</subfield><subfield code="b">ill. ;</subfield><subfield code="c">41 cm.</subfield></datafield><datafield ind1=" " ind2=" " tag="310"><subfield code="a">Semimonthly (irregular)</subfield></datafield><datafield ind1="1" ind2=" " tag="362"><subfield code="a">Began in 1987.</subfield></datafield><datafield ind1=" " ind2=" " tag="500"><subfield code="a">"Entertainment, community events, comics, classifieds."</subfield></datafield><datafield ind1=" " ind2=" " tag="515"><subfield code="a">Slight irregularites in numbering.</subfield></datafield><datafield ind1=" " ind2=" " tag="588"><subfield code="a">Description based on: Vol. 1, no. 8 (Aug. 1-15, 1987).</subfield></datafield><datafield ind1=" " ind2="0" tag="651"><subfield code="a">Kona (Hawaii Island, Hawaii)</subfield><subfield code="v">Newspapers.</subfield></datafield><datafield ind1=" " ind2=" " tag="752"><subfield code="a">United States</subfield><subfield code="b">Hawaii</subfield><subfield code="c">Hawaii</subfield><subfield code="d">Holualoa.</subfield></datafield></record>